<record><leader>00000cas a2200000 a 4500</leader><controlfield tag="001">30308769</controlfield><controlfield tag="008">940421u1981uuuuoruwr ne      0    0eng c</controlfield><datafield ind1=" " ind2=" " tag="010"><subfield code="a">  2002260761</subfield></datafield><datafield ind1=" " ind2=" " tag="040"><subfield code="a">GFC</subfield><subfield code="b">eng</subfield><subfield code="c">GFC</subfield><subfield code="d">ORU</subfield><subfield code="d">OCLCQ</subfield><subfield code="d">OCLCF</subfield><subfield code="d">OCLCO</subfield></datafield><datafield ind1="1" ind2=" " tag="029"><subfield code="a">AU@</subfield><subfield code="b">000024311082</subfield></datafield><datafield ind1=" " ind2=" " tag="042"><subfield code="a">pcc</subfield></datafield><datafield ind1=" " ind2=" " tag="043"><subfield code="a">n-us-or</subfield></datafield><datafield ind1="0" ind2="0" tag="245"><subfield code="a">Newberg weekly.</subfield></datafield><datafield ind1=" " ind2=" " tag="260"><subfield code="a">Newberg, Or. :</subfield><subfield code="b">CTD Publications,</subfield><subfield code="c">1981-</subfield></datafield><datafield ind1=" " ind2=" " tag="300"><subfield code="a">v. :</subfield><subfield code="b">ill.</subfield></datafield><datafield ind1=" " ind2=" " tag="310"><subfield code="a">Weekly</subfield></datafield><datafield ind1="1" ind2=" " tag="362"><subfield code="a">Began in 1981.</subfield></datafield><datafield ind1=" " ind2=" " tag="515"><subfield code="a">Issues for June 3, 1981- also called v. 1, no. 8-</subfield></datafield><datafield ind1=" " ind2=" " tag="525"><subfield code="a">Issue for July 22, 1981 has supplement with title: Chehalem Creek chronicle.</subfield></datafield><datafield ind1=" " ind2=" " tag="530"><subfield code="a">Available on microfilm from University of Oregon.</subfield></datafield><datafield ind1=" " ind2=" " tag="588"><subfield code="a">Description based on: Apr. 29, 1981.</subfield></datafield><datafield ind1=" " ind2=" " tag="588"><subfield code="a">Latest issue consulted: Vol. 1, no. 37 (Dec. 23, 1981).</subfield></datafield><datafield ind1=" " ind2="0" tag="651"><subfield code="a">Newberg (Or.)</subfield><subfield code="v">Newspapers.</subfield></datafield><datafield ind1=" " ind2="7" tag="655"><subfield code="a">Newspapers.</subfield><subfield code="2">fast</subfield><subfield code="0">(OCoLC)fst01423814</subfield></datafield><datafield ind1=" " ind2="7" tag="651"><subfield code="a">Oregon</subfield><subfield code="z">Newberg.</subfield><subfield code="2">fast</subfield><subfield code="0">(OCoLC)fst01226306</subfield></datafield><datafield ind1="0" ind2="2" tag="740"><subfield code="a">Chehalem Creek chronicle.</subfield></datafield><datafield ind1=" " ind2=" " tag="752"><subfield code="a">United States</subfield><subfield code="b">Oregon</subfield><subfield code="c">Yamhill</subfield><subfield code="d">Newberg.</subfield></datafield></record>